@Techreport{cmscomputing,
author = {CMS},
title = "{The CMS Computing Project}",
institution = {CERN},
year = {2005},
}

@online{datataking,
author = {CERN},
title = {Processing what to record?},
year = {2018},
url = {https://home.cern/about/computing/processing-what-record},
}

@online{Coursera,
author = {Coursera},
title = {Machine Learning},
year = {2018},
url = {https://www.coursera.org/learn/machine-learning/supplement/aAgxl/what-is-machine-learning},
}
@online{optimizaiton_algorithms,
author = {Walia, Anish Singh},
title = {Types of Optimization Algorithms used in Neural Networks and Ways to Optimize Gradient Descent},
year = {2018},
url = {https://towardsdatascience.com/types-of-optimization-algorithms-used-in-neural-networks-and-ways-to-optimize-gradient-95ae5d39529f},
language = {English},
organization = {Towards Data Science},
}
@online{Med18,
author = {MedCalc},
title = {ROC curve analysis},
year = {2018},
url = {https://www.medcalc.org/manual/roc-curves.php},
organization = {MedCalc Software},
}
